@ARTICLE{james1894discussion,
  title    = "Discussion: The physical basis of emotion.",
  author   = "James, William",
}

@article{izard1990substrates,
  title={The substrates and functions of emotion feelings: William James and current emotion theory},
  author={Izard, Carroll E},
  journal={Personality and Social Psychology Bulletin},
  volume={16},
  number={4},
  pages={626--635},
  year={1990},
  publisher={Sage Publications Sage CA: Thousand Oaks, CA}
}

@article{james1948emotion,
  title={What is emotion? 1884.},
  author={James, William},
  year={1948},
  publisher={Appleton-Century-Crofts}
}

@book{james2007principles,
  title={The principles of psychology},
  author={James, William},
  volume={1},
  year={2007},
  publisher={Cosimo, Inc.}
}

@book{picard2000affective,
  title={Affective computing},
  author={Picard, Rosalind W},
  year={2000},
  publisher={MIT press}
}

@book{ekman2013emotion,
  title={Emotion in the human face: Guidelines for research and an integration of findings},
  author={Ekman, Paul and Friesen, Wallace V and Ellsworth, Phoebe},
  volume={11},
  year={2013},
  publisher={Elsevier}
}

@article{ekman1987universals,
  title={Universals and cultural differences in the judgments of facial expressions of emotion.},
  author={Ekman, Paul and Friesen, Wallace V and O'sullivan, Maureen and Chan, Anthony and Diacoyanni-Tarlatzis, Irene and Heider, Karl and Krause, Rainer and LeCompte, William Ayhan and Pitcairn, Tom and Ricci-Bitti, Pio E and others},
  journal={Journal of personality and social psychology},
  volume={53},
  number={4},
  pages={712},
  year={1987},
  publisher={American Psychological Association}
}

@article{izard2011forms,
  title={Forms and functions of emotions: Matters of emotion--cognition interactions},
  author={Izard, Carroll E},
  journal={Emotion Review},
  volume={3},
  number={4},
  pages={371--378},
  year={2011},
  publisher={Sage Publications Sage UK: London, England}
}

@article{wilson2013neural,
  title={Neural evidence that human emotions share core affective properties},
  author={Wilson-Mendenhall, Christine D and Barrett, Lisa Feldman and Barsalou, Lawrence W},
  journal={Psychological science},
  volume={24},
  number={6},
  pages={947--956},
  year={2013},
  publisher={Sage Publications Sage CA: Los Angeles, CA}
}

@article{ekman1992basic,
author = { Paul   Ekman },
title = {An argument for basic emotions},
journal = {Cognition and Emotion},
volume = {6},
number = {3-4},
pages = {169-200},
year  = {1992},
publisher = {Routledge},
doi = {10.1080/02699939208411068},
}

@article{russell2006, title={Emotions Are Not Modules1}, volume={32}, DOI={10.1353/cjp.2007.0037}, journal={Canadian Journal of Philosophy Supplementary Volume}, publisher={Cambridge University Press}, author={Russell, James A.}, year={2006}, pages={53–71}}

@article{russell1980circumplex,
  title={A circumplex model of affect.},
  author={Russell, James A},
  journal={Journal of personality and social psychology},
  volume={39},
  number={6},
  pages={1161},
  year={1980},
  publisher={American Psychological Association}
}
@article{posner2005circumplex,
  title={The circumplex model of affect: An integrative approach to affective neuroscience, cognitive development, and psychopathology},
  author={Posner, Jonathan and Russell, James A and Peterson, Bradley S},
  journal={Development and psychopathology},
  volume={17},
  number={3},
  pages={715},
  year={2005},
  publisher={NIH Public Access}
}

@article{friesen1978facial,
  title={Facial action coding system: a technique for the measurement of facial movement},
  author={Friesen, E and Ekman, Paul},
  journal={Palo Alto},
  volume={3},
  number={2},
  pages={5},
  year={1978},
  publisher={Consulting Psychologists Press}
}

@book{hjortsjo1969man,
  title={Man's face and mimic language},
  author={Hjortsj{\"o}, Carl-Herman},
  year={1969},
  publisher={Studentlitteratur}
}

@article{ko2018brief,
  title={A brief review of facial emotion recognition based on visual information},
  author={Ko, Byoung Chul},
  journal={sensors},
  volume={18},
  number={2},
  pages={401},
  year={2018},
  publisher={Multidisciplinary Digital Publishing Institute}
}

@inproceedings{fabian2016emotionet,
  title={Emotionet: An accurate, real-time algorithm for the automatic annotation of a million facial expressions in the wild},
  author={Fabian Benitez-Quiroz, C and Srinivasan, Ramprakash and Martinez, Aleix M},
  booktitle={Proceedings of the IEEE conference on computer vision and pattern recognition},
  pages={5562--5570},
  year={2016}
}

@misc{pourmirzaei2021an,
title={Using Self-Supervised Co-Training to Improve Facial Representation},
author={Mahdi Pourmirzaei, Farzaneh Esmaili, Gholam Ali Montazer}
}

@article{livingstone2018ryerson,
  title={The Ryerson Audio-Visual Database of Emotional Speech and Song (RAVDESS): A dynamic, multimodal set of facial and vocal expressions in North American English},
  author={Livingstone, Steven R and Russo, Frank A},
  journal={PloS one},
  volume={13},
  number={5},
  pages={e0196391},
  year={2018},
  publisher={Public Library of Science San Francisco, CA USA}
}

@inproceedings{ebrahimi2015recurrent,
  title={Recurrent neural networks for emotion recognition in video},
  author={Ebrahimi Kahou, Samira and Michalski, Vincent and Konda, Kishore and Memisevic, Roland and Pal, Christopher},
  booktitle={Proceedings of the 2015 ACM on international conference on multimodal interaction},
  pages={467--474},
  year={2015}
}

@article{kim2017multi,
  title={Multi-objective based spatio-temporal feature representation learning robust to expression intensity variations for facial expression recognition},
  author={Kim, Dae Hoe and Baddar, Wissam J and Jang, Jinhyeok and Ro, Yong Man},
  journal={IEEE Transactions on Affective Computing},
  volume={10},
  number={2},
  pages={223--236},
  year={2017},
  publisher={IEEE}
}

@inproceedings{jung2015joint,
  title={Joint fine-tuning in deep neural networks for facial expression recognition},
  author={Jung, Heechul and Lee, Sihaeng and Yim, Junho and Park, Sunjeong and Kim, Junmo},
  booktitle={Proceedings of the IEEE international conference on computer vision},
  pages={2983--2991},
  year={2015}
}

@article{breuer2017deep,
  title={A deep learning perspective on the origin of facial expressions},
  author={Breuer, Ran and Kimmel, Ron},
  journal={arXiv preprint arXiv:1705.01842},
  year={2017}
}

@inproceedings{zhao2016deep,
  title={Deep region and multi-label learning for facial action unit detection},
  author={Zhao, Kaili and Chu, Wen-Sheng and Zhang, Honggang},
  booktitle={Proceedings of the IEEE Conference on Computer Vision and Pattern Recognition},
  pages={3391--3399},
  year={2016}
}

@inproceedings{chu2017learning,
  title={Learning spatial and temporal cues for multi-label facial action unit detection},
  author={Chu, Wen-Sheng and De la Torre, Fernando and Cohn, Jeffrey F},
  booktitle={2017 12th IEEE International Conference on Automatic Face \& Gesture Recognition (FG 2017)},
  pages={25--32},
  year={2017},
  organization={IEEE}
}

@incollection{wang2003artificial,
  title={Artificial neural network},
  author={Wang, Sun-Chong},
  booktitle={Interdisciplinary computing in java programming},
  pages={81--100},
  year={2003},
  publisher={Springer}
}

@inproceedings{albawi2017understanding,
  title={Understanding of a convolutional neural network},
  author={Albawi, Saad and Mohammed, Tareq Abed and Al-Zawi, Saad},
  booktitle={2017 International Conference on Engineering and Technology (ICET)},
  pages={1--6},
  year={2017},
  organization={Ieee}
}

@article{schmidhuber2015deep,
  title={Deep learning in neural networks: An overview},
  author={Schmidhuber, J{\"u}rgen},
  journal={Neural networks},
  volume={61},
  pages={85--117},
  year={2015},
  publisher={Elsevier}
}

@article{cho2014properties,
  title={On the properties of neural machine translation: Encoder-decoder approaches},
  author={Cho, Kyunghyun and Van Merri{\"e}nboer, Bart and Bahdanau, Dzmitry and Bengio, Yoshua},
  journal={arXiv preprint arXiv:1409.1259},
  year={2014}
}

@article{chung2014empirical,
  title={Empirical evaluation of gated recurrent neural networks on sequence modeling},
  author={Chung, Junyoung and Gulcehre, Caglar and Cho, KyungHyun and Bengio, Yoshua},
  journal={arXiv preprint arXiv:1412.3555},
  year={2014}
}

@article{gruber2020gru,
  title={Are GRU cells more specific and LSTM cells more sensitive in motive classification of text?},
  author={Gruber, Nicole and Jockisch, Alfred},
  journal={Frontiers in Artificial Intelligence},
  volume={3},
  number={40},
  pages={1--6},
  year={2020},
  publisher={Frontiers}
}
@article{hochreiter1997lstm,
author = {Hochreiter, Sepp and Schmidhuber, Jürgen},
year = {1997},
month = {12},
pages = {1735-80},
title = {Long Short-term Memory},
volume = {9},
journal = {Neural computation},
doi = {10.1162/neco.1997.9.8.1735}
}
@article{savin1970nonperceptual,
  title={The nonperceptual reality of the phoneme},
  author={Savin, Harris B and Bever, Thomas G},
  journal={Journal of Verbal Learning and Verbal Behavior},
  volume={9},
  number={3},
  pages={295--302},
  year={1970},
  publisher={Elsevier}
}

@misc{Hayes2009,
  author    = {Bruce Hayes},
  publisher = {Blackwell},
  title     = {Introductory Phonology},
  year      = {2009}
}
@misc{MoisikEsling2011,
  author    = {Moisik, Scott R. and Esling, John H.},
  booktitle = {Proceedings of the International Congress of Phonetic Sciences (ICPhS XVII)},
  pages     = {1406-1409},
  title     = {The 'whole larynx' approach to laryngeal features},
  year      = {2011}
}

@article{cappelletta2012viseme,
author = {Cappelletta, Luca and Harte, Naomi},
year = {2012},
month = {05},
pages = {},
title = {Phoneme-to-viseme mapping for visual speech recognition},
volume = {2},
journal = {Proceedings of the International Conference on Pattern Recognition Applications and Methods (ICPRAM 2012)}
}

@article{mollahosseini2017affectnet,
  title={Affectnet: A database for facial expression, valence, and arousal computing in the wild},
  author={Mollahosseini, Ali and Hasani, Behzad and Mahoor, Mohammad H},
  journal={IEEE Transactions on Affective Computing},
  volume={10},
  number={1},
  pages={18--31},
  year={2017},
  publisher={IEEE}
}

@inproceedings{ren2014face,
  title={Face alignment at 3000 fps via regressing local binary features},
  author={Ren, Shaoqing and Cao, Xudong and Wei, Yichen and Sun, Jian},
  booktitle={Proceedings of the IEEE Conference on Computer Vision and Pattern Recognition},
  pages={1685--1692},
  year={2014}
}

@article{cao2014crema,
  title={Crema-d: Crowd-sourced emotional multimodal actors dataset},
  author={Cao, Houwei and Cooper, David G and Keutmann, Michael K and Gur, Ruben C and Nenkova, Ani and Verma, Ragini},
  journal={IEEE transactions on affective computing},
  volume={5},
  number={4},
  pages={377--390},
  year={2014},
  publisher={IEEE}
}

@misc{simonyan2015vgg,
      title={Very Deep Convolutional Networks for Large-Scale Image Recognition}, 
      author={Karen Simonyan and Andrew Zisserman},
      year={2015},
      eprint={1409.1556},
      archivePrefix={arXiv},
      primaryClass={cs.CV}
}

@misc{howard2017mobilenets,
      title={MobileNets: Efficient Convolutional Neural Networks for Mobile Vision Applications}, 
      author={Andrew G. Howard and Menglong Zhu and Bo Chen and Dmitry Kalenichenko and Weijun Wang and Tobias Weyand and Marco Andreetto and Hartwig Adam},
      year={2017},
      eprint={1704.04861},
      archivePrefix={arXiv},
      primaryClass={cs.CV}
}

@article{busso2016msp,
  title={MSP-IMPROV: An acted corpus of dyadic interactions to study emotion perception},
  author={Busso, Carlos and Parthasarathy, Srinivas and Burmania, Alec and AbdelWahab, Mohammed and Sadoughi, Najmeh and Provost, Emily Mower},
  journal={IEEE Transactions on Affective Computing},
  volume={8},
  number={1},
  pages={67--80},
  year={2016},
  publisher={IEEE}
}

@article{busso2008iemocap,
  title={IEMOCAP: Interactive emotional dyadic motion capture database},
  author={Busso, Carlos and Bulut, Murtaza and Lee, Chi-Chun and Kazemzadeh, Abe and Mower, Emily and Kim, Samuel and Chang, Jeannette N and Lee, Sungbok and Narayanan, Shrikanth S},
  journal={Language resources and evaluation},
  volume={42},
  number={4},
  pages={335--359},
  year={2008},
  publisher={Springer}
}

@article{assael2016lipnet,
  title={Lipnet: End-to-end sentence-level lipreading},
  author={Assael, Yannis M and Shillingford, Brendan and Whiteson, Shimon and De Freitas, Nando},
  journal={arXiv preprint arXiv:1611.01599},
  year={2016}
}

@article{cooke2006grid,
  title={An audio-visual corpus for speech perception and automatic speech recognition},
  author={Cooke, Martin and Barker, Jon and Cunningham, Stuart and Shao, Xu},
  journal={The Journal of the Acoustical Society of America},
  volume={120},
  number={5},
  pages={2421--2424},
  year={2006},
  publisher={Acoustical Society of America}
}

@article{kartynnik2019facemesh,
  title={Real-time facial surface geometry from monocular video on mobile gpus},
  author={Kartynnik, Yury and Ablavatski, Artsiom and Grishchenko, Ivan and Grundmann, Matthias},
  journal={arXiv preprint arXiv:1907.06724},
  year={2019}
}

@inproceedings{mcauliffe2017montreal,
  title={Montreal Forced Aligner: Trainable Text-Speech Alignment Using Kaldi.},
  author={McAuliffe, Michael and Socolof, Michaela and Mihuc, Sarah and Wagner, Michael and Sonderegger, Morgan},
  booktitle={Interspeech},
  volume={2017},
  pages={498--502},
  year={2017}
}

@inproceedings{povey2011kaldi,
  title={The Kaldi speech recognition toolkit},
  author={Povey, Daniel and Ghoshal, Arnab and Boulianne, Gilles and Burget, Lukas and Glembek, Ondrej and Goel, Nagendra and Hannemann, Mirko and Motlicek, Petr and Qian, Yanmin and Schwarz, Petr and others},
  booktitle={IEEE 2011 workshop on automatic speech recognition and understanding},
  number={CONF},
  year={2011},
  organization={IEEE Signal Processing Society}
}

@misc{baur2021,
  author = {Baur, Marcel},
  title = {tawny-labels},
  year = {2021},
  publisher = {GitHub},
  journal = {GitHub repository},
  howpublished = {\url{https://github.com/marcel-baur/tawny-labels}},
  commit = {4332aba5f3d23bbdf332fb1e7e14f4ecd3f1fbe2}
}

@article{mariooryad2015facial,
  title={Facial expression recognition in the presence of speech using blind lexical compensation},
  author={Mariooryad, Soroosh and Busso, Carlos},
  journal={IEEE Transactions on Affective Computing},
  volume={7},
  number={4},
  pages={346--359},
  year={2015},
  publisher={IEEE}
}

@inproceedings{mariooryad2012factorizing,
  title={Factorizing speaker, lexical and emotional variabilities observed in facial expressions},
  author={Mariooryad, Soroosh and Busso, Carlos},
  booktitle={2012 19th IEEE International Conference on Image Processing},
  pages={2605--2608},
  year={2012},
  organization={IEEE}
}

@article{tenenbaum2000separating,
  title={Separating style and content with bilinear models},
  author={Tenenbaum, Joshua B and Freeman, William T},
  journal={Neural computation},
  volume={12},
  number={6},
  pages={1247--1283},
  year={2000},
  publisher={MIT Press}
}

@article{tenenbaum1997separating,
  title={Separating style and content},
  author={Tenenbaum, Joshua B and Freeman, William T},
  journal={Advances in neural information processing systems},
  pages={662--668},
  year={1997},
  publisher={Citeseer}
}

@article{bursic2020improving,
  title={Improving the Accuracy of Automatic Facial Expression Recognition in Speaking Subjects with Deep Learning},
  author={Bursic, Sathya and Boccignone, Giuseppe and Ferrara, Alfio and D’Amelio, Alessandro and Lanzarotti, Raffaella},
  journal={Applied Sciences},
  volume={10},
  number={11},
  pages={4002},
  year={2020},
  publisher={Multidisciplinary Digital Publishing Institute}
}

@inproceedings{salman2020style,
  title={Style Extractor For Facial Expression Recognition in the Presence of Speech},
  author={Salman, Ali N and Busso, Carlos},
  booktitle={2020 IEEE International Conference on Image Processing (ICIP)},
  pages={1806--1810},
  year={2020},
  organization={IEEE}
}

@Article{dlib09,
  author = {Davis E. King},
  title = {Dlib-ml: A Machine Learning Toolkit},
  journal = {Journal of Machine Learning Research},
  year = {2009},
  volume = {10},
  pages = {1755-1758},
}

@misc{tawny2021,
  author = {TAWNY GmbH},
  title = {tawny-recording},
  year = {2021},
  howpublished = {\url{https://recording.tawny.ai}},
}

@article{opencv_library,
    author = {Bradski, G.},
    citeulike-article-id = {2236121},
    journal = {Dr. Dobb's Journal of Software Tools},
    keywords = {bibtex-import},
    posted-at = {2008-01-15 19:21:54},
    priority = {4},
    title = {{The OpenCV Library}},
    year = {2000}
}

@inproceedings{soysal2018au,
author = {Soysal, Omer and Shirzad, Shahrzad and Sekeroglu, Kazim},
year = {2018},
month = {08},
pages = {},
title = {Facial Action Unit Recognition Using Data Mining Integrated Deep Learning},
doi = {10.1109/CSCI.2017.74}
}